<?xml version="1.0" encoding="UTF-8"?><collection xmlns="http://www.loc.gov/MARC21/slim"><record><leader>00318nam--2200121-i-4500</leader><controlfield tag="001">000049604</controlfield><controlfield tag="002">20161230</controlfield><controlfield tag="005">20161230201047</controlfield><controlfield tag="008">060222s1000------------r-----000-0-eng-d</controlfield><datafield ind1=" " ind2=" " tag="100"><subfield code="a">Alpert,Ia,L.,Ginzburg,V.L. I Feinberg,B.L</subfield></datafield><datafield ind1=" " ind2=" " tag="245"><subfield code="a">Rasprostranenie radiovoln</subfield></datafield><datafield ind1=" " ind2=" " tag="260"><subfield code="a">Moskva, 1953. 884 S.+ Opechatki</subfield></datafield><datafield ind1=" " ind2=" " tag="852"><subfield code="a">3385</subfield></datafield></record></collection>